@article{Loeys12a,
	Author = {Loeys, Tom and Moerkerke, Beatrijs and De Smet, Olivia and Buysse, Ann},
	Journal = {Br J Math Stat Psychol},
	Month = {Feb},
	Number = {1},
	Pages = {163-80},
	Title = {The analysis of zero-inflated count data: beyond zero-inflated Poisson regression},
	Volume = {65},
	Year = {2012}}

@article{Lefcheck16a,
	Author = {Lefcheck, Jonathan S.},
	Journal = {Methods in Ecology and Evolution},
	Number = {5},
	Pages = {573--579},
	Title = {piecewiseSEM: Piecewise structural equation modelling in r for ecology, evolution, and systematics},
	Volume = {7},
	Year = {2016}}

@article{Nakagawa13a,
	Author = {Nakagawa, Shinichi and Schielzeth, Holger},
	Journal = {Methods in Ecology and Evolution},
	Number = {2},
	Pages = {133--142},
	Title = {A general and simple method for obtaining R2 from generalized linear mixed-effects models},
	Volume = {4},
	Year = {2013}}

@article{Humphrey16b,
	Author = {Humphrey, Parris T and Gloss, Andrew D and Alexandre, Nicolas M and Villalobos, Martha M and Fremgen, Marcella R and Groen, Simon C and Meihls, Lisa N and Jander, Georg and Whiteman, Noah K},
	Journal = {Ecol Evol},
	Month = {May},
	Number = {10},
	Pages = {3256-68},
	Title = {Aversion and attraction to harmful plant secondary compounds jointly shape the foraging ecology of a specialist herbivore},
	Volume = {6},
	Year = {2016}}

@article{Fournier12a,
	Author = {Fournier, D. A. and Skaug, H. J. and Ancheta, J. and Ianelli, J. and Magnusson, A. and Maunder, M.N. and Nielsen, A. and Sibert, J.},
	Journal = {Optim. Methods Softw.},
	Pages = {233-249},
	Title = {{AD Model Builder}: using automatic differentiation for statistical inference of highly parameterized complex nonlinear models},
	Volume = {27},
	Year = {2012}}

@manual{Skaug16a,
	Author = {Skaug, Hans and Fournier, Dave and Bolker, Ben and Magnusson, Arni and Nielsen, Anders},
	Title = {Generalized Linear Mixed Models using 'AD Model Builder'},
	Year = {2016-01-19}}

@article{Bates15a,
	Author = {Bates, Douglas and M{\"a}chler, Martin and Bolker, Ben and Walker, Steve},
	Journal = {Journal of Statistical Software},
	Number = {1},
	Pages = {1--48},
	Title = {Fitting Linear Mixed-Effects Models Using {lme4}},
	Volume = {67},
	Year = {2015}}

@manual{Jackman15a,
	Address = {Stanford, California},
	Author = {Jackman, Simon},
	Organization = {Department of Political Science, Stanford University},
	Title = {{pscl}: Classes and Methods for {R} Developed in the Political Science Computational Laboratory, Stanford University},
	Year = {2015}}

@article{Zeileis08a,
	Author = {Zeileis, Achim and Kleiber, Christian and Jackman, Simon},
	Journal = {Journal of Statistical Software, Articles},
	Number = {8},
	Pages = {1--25},
	Title = {Regression Models for Count Data in R},
	Volume = {27},
	Year = {2008}}

@manual{R-Core-Team17a,
	Address = {Vienna, Austria},
	Author = {{R Core Team}},
	Organization = {R Foundation for Statistical Computing},
	Title = {R: A Language and Environment for Statistical Computing},
	Year = {2017}}

@book{Zuur09a,
	Author = {Zuur, A. and Ieno, E.N. and Walker, N. and Saveliev, A.A. and Smith, G.M.},
	Publisher = {Springer New York},
	Series = {Statistics for Biology and Health},
	Title = {Mixed Effects Models and Extensions in Ecology with R},
	Year = {2009}}
